@incollection{baaz1996infinite,
  title={Infinite-valued G{\"o}del logics with 0-1-projections and relativizations},
  author={Baaz, Matthias},
  booktitle={G{\"o}del’96},
  pages={23--33},
  year={1996},
  publisher={Springer}
}

@book{hajek1998metamathematics,
  title={Metamathematics of fuzzy logic},
  author={H{\'a}jek, Petr},
  volume={4},
  year={1998},
  publisher={Springer}
}

@article{eagle2014omitting,
  title={Omitting types for infinitary [0, 1]-valued logic},
  author={Eagle, Christopher J},
  journal={Annals of Pure and Applied Logic},
  volume={165},
  number={3},
  pages={913--932},
  year={2014},
  publisher={Elsevier}
}

@article{lukasiewicz1918farewell,
  title={Farewell lecture by Professor Jan Lukasiewicz, delivered in the warsaw university lecture hall on March 7, 1918},
  author={Lukasiewicz, Jan},
  journal={Borkowski},
  volume={12},
  pages={84--86},
  year={1918}
}

@article{chang1958algebraic,
  title={Algebraic analysis of many valued logics},
  author={Chang, Chen Chung},
  journal={Transactions of the American Mathematical society},
  volume={88},
  number={2},
  pages={467--490},
  year={1958}
}

@article{chang1959new,
  title={A new proof of the completeness of the {\L}ukasiewicz axioms},
  author={Chang, Chen Chung},
  journal={Transactions of the American Mathematical Society},
  volume={93},
  number={1},
  pages={74--80},
  year={1959}
}

@book{chang1966continuous,
  title={Continuous model theory},
  author={Chang, Chen Chung and Keisler, H Jerome},
  number={58},
  year={1966},
  publisher={Princeton University Press}
}

@book{keisler1971model,
  title={Model Theory for Infinitary Logic: Logic with Conntable Conjuctions and Finite Quantifiers},
  author={Keisler, H Jerome},
  year={1971},
  publisher={North-Holland}
}

@book{metcalfe2008proof,
  title={Proof theory for fuzzy logics},
  author={Metcalfe, George and Olivetti, Nicola and Gabbay, Dov M},
  volume={36},
  year={2008},
  publisher={Springer}
}

@article{rose1958fragments,
  title={Fragments of many-valued statement calculi},
  author={Rose, Alan and Rosser, J Barkley},
  journal={Transactions of the American Mathematical Society},
  pages={1--53},
  year={1958},
  publisher={JSTOR}
}

@article{yaacov2008model,
  title={Model theory for metric structures},
  author={Yaacov, I Ben and Berenstein, Alexander and Henson, C Ward and Usvyatsov, Alexander},
  journal={London Mathematical Society Lecture Note Series},
  volume={350},
  pages={315},
  year={2008},
  publisher={Cambridge University Press}
}

@inproceedings{henson2002ultraproducts,
  title={Ultraproducts in analysis},
  author={Henson, C Ward and Iovino, Jos{\'e}},
  booktitle={IN ANALYSIS AND LOGIC, VOLUME 262 OF LONDON MATHEMATICAL SOCIETY LECTURE NOTES},
  year={2002},
  organization={Citeseer}
}

@article{ben2010continuous,
  title={Continuous first order logic and local stability},
  author={Ben Yaacov, Ita{\"\i} and Usvyatsov, Alexander},
  journal={Transactions of the American Mathematical Society},
  volume={362},
  number={10},
  pages={5213--5259},
  year={2010}
}

@article{zadeh1965fuzzy,
  title={Fuzzy sets},
  author={Zadeh, Lotfi A},
  journal={Information and control},
  volume={8},
  number={3},
  pages={338--353},
  year={1965},
  publisher={Elsevier}
}

@article{goguen1969logic,
  title={The logic of inexact concepts},
  author={Goguen, Joseph A},
  journal={Synthese},
  volume={19},
  number={3},
  pages={325--373},
  year={1969},
  publisher={Springer}
}

@article{pavelka1979fuzzy,
  title={On fuzzy logic I, II, III},
  author={Pavelka, Jan},
  journal={Mathematical Logic Quarterly},
  volume={25},
  number={3-6,7-12,25-29},
  pages={45--52,119--134,447--464},
  year={1979},
  publisher={Wiley Online Library}
}

@article{hajek1995fuzzy,
  title={Fuzzy logic and arithmetical hierarchy},
  author={H{\'a}jek, Petr},
  journal={Fuzzy sets and Systems},
  volume={73},
  number={3},
  pages={359--363},
  year={1995},
  publisher={Elsevier}
}

@article{caicedo2012omitting,
  title={Omitting uncountable types, and the strength of $[0, 1] $-valued logics},
  author={Caicedo, Xavier and Iovino, Jos{\'e}},
  journal={arXiv preprint arXiv:1202.5981},
  year={2012}
}

@article{yaacov2010proof,
  title={A proof of completeness for continuous first-order logic},
  author={Yaacov, Ita{\"\i} Ben and Pedersen, Arthur Paul and others},
  journal={Journal of Symbolic Logic},
  volume={75},
  number={1},
  pages={168--190},
  year={2010},
  publisher={Association for Symbolic Logic}
}

@article{hajek1997strong,
  title={A strong completeness theorem for finite theories in {\L}ukasiewicz's logic},
  author={H\'ajek, Petr and {\u S}vejda, David},
  journal={Tatra Mountains Mathematical Journal},
  volume={12},
  year={1997},
  pages={213--219}
}

@incollection{baaz2007lukasiewicz,
year={2007},
isbn={978-3-540-73098-9},
booktitle={Automated Reasoning with Analytic Tableaux and Related Methods},
volume={4548},
series={Lecture Notes in Computer Science},
editor={Olivetti, Nicola},
doi={10.1007/978-3-540-73099-6_5},
title={Proof Theory for First Order ≈Åukasiewicz Logic},
url={http://dx.doi.org/10.1007/978-3-540-73099-6_5},
publisher={Springer Berlin Heidelberg},
author={Baaz, Matthias and Metcalfe, George},
pages={28-42}
}

@article{chang1958proof,
  title={Proof of an axiom of {\L}ukasiewicz},
  author={Chang, Cheng C},
  journal={Transactions of the American Mathematical Society},
  volume={87},
  number={1},
  pages={55--56},
  year={1958}
}